<record><leader>01679cam a2200433 a 4500</leader><controlfield tag="001">6811932</controlfield><controlfield tag="003">OCoLC</controlfield><controlfield tag="005">20141219085115.4</controlfield><controlfield tag="006">m     o  d        </controlfield><controlfield tag="007">cr |n|||||||||</controlfield><controlfield tag="008">140912s2015    enka    ob    001 0 eng d</controlfield><datafield ind1=" " ind2=" " tag="020"><subfield code="a">1322109419</subfield><subfield code="q">(ebook)</subfield></datafield><datafield ind1=" " ind2=" " tag="020"><subfield code="a">9781322109411</subfield><subfield code="q">(ebook)</subfield></datafield><datafield ind1=" " ind2=" " tag="020"><subfield code="z">9780123850263</subfield><subfield code="q">(print)</subfield></datafield><datafield ind1=" " ind2=" " tag="035"><subfield code="a">ocn890441543</subfield></datafield><datafield ind1=" " ind2=" " tag="037"><subfield code="a">642192</subfield><subfield code="b">MIL</subfield></datafield><datafield ind1=" " ind2=" " tag="039"><subfield code="a">exclude</subfield></datafield><datafield ind1=" " ind2=" " tag="040"><subfield code="a">IDEBK</subfield><subfield code="b">eng</subfield><subfield code="e">pn</subfield><subfield code="c">IDEBK</subfield><subfield code="d">GZM</subfield><subfield code="d">OCLCO</subfield><subfield code="d">OCLCQ</subfield><subfield code="d">AEU</subfield></datafield><datafield ind1=" " ind2=" " tag="090"><subfield code="a">Internet Access</subfield><subfield code="b">AEU</subfield></datafield><datafield ind1="1" ind2=" " tag="100"><subfield code="a">Thorp, James H.</subfield></datafield><datafield ind1="1" ind2="0" tag="245"><subfield code="a">Thorp and Covich's freshwater invertebrates.</subfield><subfield code="n">vol. 1</subfield><subfield code="h">[electronic resource] :</subfield><subfield code="b">ecology and general biology /</subfield><subfield code="c">edited by James H. Thorp [and] D. Christopher Rogers.</subfield></datafield><datafield ind1=" " ind2=" " tag="250"><subfield code="a">Fourth edition.</subfield></datafield><datafield ind1=" " ind2=" " tag="260"><subfield code="a">London :</subfield><subfield code="b">Academic Press,</subfield><subfield code="c">2015.</subfield></datafield><datafield ind1=" " ind2=" " tag="300"><subfield code="a">1 online resource (xxix, 1118 pages) :</subfield><subfield code="b">illustrations</subfield></datafield><datafield ind1=" " ind2=" " tag="336"><subfield code="a">text</subfield><subfield code="b">txt</subfield><subfield code="2">rdacontent</subfield></datafield><datafield ind1=" " ind2=" " tag="337"><subfield code="a">computer</subfield><subfield code="b">c</subfield><subfield code="2">rdamedia</subfield></datafield><datafield ind1=" " ind2=" " tag="338"><subfield code="a">online resource</subfield><subfield code="b">cr</subfield><subfield code="2">rdacarrier</subfield></datafield><datafield ind1=" " ind2=" " tag="504"><subfield code="a">Includes bibliographical references and index.</subfield></datafield><datafield ind1=" " ind2=" " tag="506"><subfield code="a">Access restricted to authorized users and institutions.</subfield></datafield><datafield ind1="0" ind2=" " tag="588"><subfield code="a">Online resource PDF (ScienceDirect viewed November 10, 2014).</subfield></datafield><datafield ind1=" " ind2=" " tag="596"><subfield code="a">44</subfield></datafield><datafield ind1=" " ind2="0" tag="650"><subfield code="a">Freshwater invertebrates.</subfield></datafield><datafield ind1=" " ind2="0" tag="650"><subfield code="a">Ecology.</subfield></datafield><datafield ind1=" " ind2="0" tag="650"><subfield code="a">Freshwater biology.</subfield></datafield><datafield ind1="1" ind2=" " tag="700"><subfield code="a">Thorp, James H.</subfield></datafield><datafield ind1="1" ind2=" " tag="700"><subfield code="a">Rogers, D. Christopher.</subfield></datafield><datafield ind1="4" ind2="0" tag="856"><subfield code="3">University of Alberta Access</subfield><subfield code="u">http://www.sciencedirect.com/science/book/9780123850263</subfield><subfield code="z">(Unlimited Concurrent Users)</subfield></datafield><datafield ind1=" " ind2=" " tag="949"><subfield code="h">UAIN</subfield><subfield code="z">SCIDIRECT</subfield></datafield><datafield ind1=" " ind2=" " tag="926"><subfield code="a">Internet Access</subfield><subfield code="w">LC</subfield><subfield code="c">1</subfield><subfield code="i">6811932-1001</subfield><subfield code="l">INTERNET</subfield><subfield code="m">UAINTERNET</subfield><subfield code="r">Y</subfield><subfield code="s">Y</subfield><subfield code="t">E-RESOURCE</subfield><subfield code="u">2/24/2015</subfield><subfield code="x">E-BOOK</subfield><subfield code="z">SCIDIRECT</subfield></datafield></record>